<collection xmlns="http://www.loc.gov/MARC21/slim">
<record>
  <leader>01506nam0a2200301 i 450 </leader>
  <controlfield tag="001">IT\ICCU\CNCE\072666</controlfield>
  <controlfield tag="005">20100310000000.0</controlfield>
  <datafield tag="012" ind1=" " ind2=" ">
    <subfield code="a">n-o- L.a. l.a. Soch (C) 1511 (R)</subfield>
    <subfield code="2">fei</subfield>
  </datafield>
  <datafield tag="100" ind1=" " ind2=" ">
    <subfield code="a">20080407d1511        0itac0103    ba</subfield>
  </datafield>
  <datafield tag="101" ind1=" " ind2=" ">
    <subfield code="a">LAT</subfield>
  </datafield>
  <datafield tag="102" ind1=" " ind2=" ">
    <subfield code="a">IT</subfield>
  </datafield>
  <datafield tag="200" ind1="1" ind2=" ">
    <subfield code="a">Opera del praeclarissimo poeta miser Pamphilo Sasso modenese Sonetti CCCCVII. Capituli XXXVIII. egloge V</subfield>
  </datafield>
  <datafield tag="210" ind1=" " ind2=" ">
    <subfield code="e">Impressum est hoc opusculum Venetiis</subfield>
    <subfield code="g">opera &amp; impensa Bernardini Vercellense</subfield>
    <subfield code="h">1511 die XX feb.</subfield>
  </datafield>
  <datafield tag="215" ind1=" " ind2=" ">
    <subfield code="a">\78! c.</subfield>
    <subfield code="d">4ʻ</subfield>
  </datafield>
  <datafield tag="620" ind1=" " ind2=" ">
    <subfield code="a">IT</subfield>
    <subfield code="d">Venezia</subfield>
  </datafield>
  <datafield tag="700" ind1=" " ind2="1">
    <subfield code="a">Sassi,</subfield>
    <subfield code="b">Panfilo</subfield>
    <subfield code="3">IT\ICCU\CNCA\005680</subfield>
  </datafield>
  <datafield tag="712" ind1="0" ind2="0">
    <subfield code="a">Viani, Bernardino</subfield>
    <subfield code="c"> &lt;1.&gt;</subfield>
    <subfield code="3">IT\ICCU\CNCT\000442</subfield>
    <subfield code="4">650</subfield>
  </datafield>
  <datafield tag="790" ind1=" " ind2="1">
    <subfield code="a">Sasso,</subfield>
    <subfield code="b">Panfilo</subfield>
    <subfield code="3">IT\ICCU\CNCA\016987</subfield>
    <subfield code="z">Sassi, Panfilo</subfield>
  </datafield>
  <datafield tag="790" ind1=" " ind2="1">
    <subfield code="a">Saxus,</subfield>
    <subfield code="b">Pamphilus</subfield>
    <subfield code="3">IT\ICCU\CNCA\023864</subfield>
    <subfield code="z">Sassi, Panfilo</subfield>
  </datafield>
  <datafield tag="791" ind1="0" ind2="2">
    <subfield code="a">Bernardinus Vercellensis</subfield>
    <subfield code="c"> &lt;1500-1543&gt;</subfield>
    <subfield code="3">IT\ICCU\CNCT\002940</subfield>
    <subfield code="z">Viani, Bernardino &lt;1.&gt;</subfield>
  </datafield>
  <datafield tag="791" ind1="0" ind2="0">
    <subfield code="a">Vercellensis, Bernardinus</subfield>
    <subfield code="c"> &lt;1500-1543&gt;</subfield>
    <subfield code="3">IT\ICCU\CNCT\002941</subfield>
    <subfield code="z">Viani, Bernardino &lt;1.&gt;</subfield>
  </datafield>
  <datafield tag="791" ind1="0" ind2="0">
    <subfield code="a">Lisona, Bernardinus de</subfield>
    <subfield code="3">IT\ICCU\CNCT\004159</subfield>
    <subfield code="z">Viani, Bernardino &lt;1.&gt;</subfield>
  </datafield>
  <datafield tag="791" ind1="0" ind2="0">
    <subfield code="a">Lesona, Bernardino de</subfield>
    <subfield code="3">IT\ICCU\CNCT\004160</subfield>
    <subfield code="z">Viani, Bernardino &lt;1.&gt;</subfield>
  </datafield>
  <datafield tag="791" ind1="0" ind2="0">
    <subfield code="a">Vianis, Bernardinus de</subfield>
    <subfield code="c"> &lt;1.&gt;</subfield>
    <subfield code="3">IT\ICCU\CNCT\005876</subfield>
    <subfield code="z">Viani, Bernardino &lt;1.&gt;</subfield>
  </datafield>
  <datafield tag="791" ind1="0" ind2="0">
    <subfield code="a">Viano, Bernardino de</subfield>
    <subfield code="c"> &lt;1.&gt;</subfield>
    <subfield code="3">IT\ICCU\CNCT\005877</subfield>
    <subfield code="z">Viani, Bernardino &lt;1.&gt;</subfield>
  </datafield>
  <datafield tag="801" ind1=" " ind2="3">
    <subfield code="a">IT</subfield>
    <subfield code="b">ICCU</subfield>
    <subfield code="c">20201115</subfield>
  </datafield>
  <datafield tag="899" ind1=" " ind2=" ">
    <subfield code="a">Biblioteca universitaria. Pisa</subfield>
    <subfield code="z">MUTILO</subfield>
    <subfield code="1">PI0112</subfield>
    <subfield code="2">PIS R1</subfield>
  </datafield>
  <datafield tag="899" ind1=" " ind2=" ">
    <subfield code="a">Biblioteca nazionale Marciana. Venezia</subfield>
    <subfield code="1">VE0049</subfield>
    <subfield code="2">VEA BM</subfield>
  </datafield>
</record>
</collection>
